<record><leader>00000cas a22000007a 4500</leader><controlfield tag="001">13105234</controlfield><controlfield tag="008">860204c19779999inuwr ne      0   a0eng d</controlfield><datafield ind1=" " ind2=" " tag="010"><subfield code="a">sn 86063068 </subfield></datafield><datafield ind1=" " ind2=" " tag="040"><subfield code="a">KSH</subfield><subfield code="b">eng</subfield><subfield code="c">KSH</subfield><subfield code="d">NPT</subfield><subfield code="d">NPI</subfield><subfield code="d">NSD</subfield><subfield code="d">OCLCQ</subfield><subfield code="d">IUL</subfield><subfield code="d">OCLCF</subfield></datafield><datafield ind1=" " ind2=" " tag="012"><subfield code="m">1</subfield></datafield><datafield ind1="1" ind2=" " tag="022"><subfield code="a">1044-7822</subfield><subfield code="l">1044-7822</subfield><subfield code="2">1</subfield></datafield><datafield ind1=" " ind2=" " tag="032"><subfield code="a">314840</subfield><subfield code="b">USPS</subfield></datafield><datafield ind1=" " ind2=" " tag="037"><subfield code="b">Parke County Sentinel, 125 W. High, Rockville, IN 47872</subfield></datafield><datafield ind1=" " ind2=" " tag="042"><subfield code="a">msc</subfield><subfield code="a">nsdp</subfield></datafield><datafield ind1=" " ind2=" " tag="043"><subfield code="a">n-us-in</subfield></datafield><datafield ind1=" " ind2="0" tag="222"><subfield code="a">Parke County sentinel</subfield></datafield><datafield ind1="0" ind2="0" tag="245"><subfield code="a">Parke County sentinel.</subfield></datafield><datafield ind1=" " ind2=" " tag="260"><subfield code="a">Rockville, Ind. :</subfield><subfield code="b">Torch Newspapers</subfield></datafield><datafield ind1=" " ind2=" " tag="300"><subfield code="a">v.</subfield></datafield><datafield ind1=" " ind2=" " tag="310"><subfield code="a">Weekly,</subfield><subfield code="b">&lt;May 3, 1989-&gt;</subfield></datafield><datafield ind1=" " ind2=" " tag="321"><subfield code="a">Semiweekly,</subfield><subfield code="b">&lt;1978-&gt;</subfield></datafield><datafield ind1="1" ind2=" " tag="362"><subfield code="a">Began in 1977.</subfield></datafield><datafield ind1=" " ind2=" " tag="588"><subfield code="a">Description based on: Vol. 146, no. 1 (Jan. 2, 1978).</subfield></datafield><datafield ind1=" " ind2=" " tag="588"><subfield code="a">Latest issue consulted: Vol. 157, no. 35 (May 3, 1989).</subfield></datafield><datafield ind1=" " ind2="0" tag="651"><subfield code="a">Rockville (Ind.)</subfield><subfield code="v">Newspapers.</subfield></datafield><datafield ind1=" " ind2="0" tag="651"><subfield code="a">Parke County (Ind.)</subfield><subfield code="v">Newspapers.</subfield></datafield><datafield ind1=" " ind2="7" tag="651"><subfield code="a">Indiana</subfield><subfield code="z">Parke County.</subfield><subfield code="2">fast</subfield><subfield code="0">(OCoLC)fst01205295</subfield></datafield><datafield ind1=" " ind2="7" tag="651"><subfield code="a">Indiana</subfield><subfield code="z">Rockville.</subfield><subfield code="2">fast</subfield><subfield code="0">(OCoLC)fst01257869</subfield></datafield><datafield ind1=" " ind2="7" tag="655"><subfield code="a">Newspapers.</subfield><subfield code="2">fast</subfield><subfield code="0">(OCoLC)fst01423814</subfield></datafield><datafield ind1=" " ind2=" " tag="752"><subfield code="a">United States</subfield><subfield code="b">Indiana</subfield><subfield code="c">Parke</subfield><subfield code="d">Rockville.</subfield></datafield><datafield ind1="0" ind2="4" tag="780"><subfield code="t">Rockville tribune</subfield><subfield code="w">(DLC)sn 87055149</subfield><subfield code="w">(OCoLC)15237458</subfield></datafield><datafield ind1="0" ind2="4" tag="780"><subfield code="t">Rockville Republican (Rockville, Ind.)</subfield><subfield code="w">(DLC)sn 84038030</subfield><subfield code="w">(OCoLC)11181022</subfield></datafield></record>